4866 2312
61 19 908 77 veux. J'étais, vous le voyez, dans une disposi-

59 69 916 88 tion d’esprit profondément scélérate ; mais il est

57 119 920 85 certain que cette Daniella a un goût exquis et

63 167 915 89 qu’elle est pour moitié dans les triomphes de

61 215 912 100 beauté de sa maîtresse. Pauvre fille, pensais-je,

65 269 898 102 elle aussi, elle a des cheveux magnifiques qui

61 314 902 109 sont peut-être plus à elle que ceux de sa maîtres-

69 373 902 102 se, et on ne les aperçoit que quand son mouchoir

59 460 347 60 blanc se dérange.

111 481 864 106 Dans la querelle que j’avais entendue, certes

67 533 908 100 la provoquée, la méconnue et l’huimiliée était

71 595 904 85 cette pauvre Frascatine. N'est-ce pas une chose

65 637 912 91 contre nature pour une jeune fille d’avoir à s’ef-

67 693 913 95 facer pour faire place à une autre, et de consacrer

69 739 909 89 sa vie à ornér une idole en s’oubliant soi-même?

69 793 909 83 Et, parce que cette humble prêtresse de la dées-

67 841 915 83 se Médora se permettait de croire à mes homma-

73 884 911 94 ges, la déesse, courroucée, l’avait menacée de la

75 949 501 75 chasser de son sanctuaire!

113 984 873 112 — Oui, mademoiselle, lui dis-je; je no vous ai

71 1073 537 71 jamais vue si bien arrangée.

111 1103 873 105 — Vous croyez? répondit-elle du ton d’une

75 1167 909 79 femme au-dessus de ces misères; je m’arrange

79 1217 911 83 toujours moi-même, et j’y mets si péu de temps!

115 1273 873 93 — Ah! vraiment ? Vous avez l’adresse d’une fée.

115 1391 873 80 Nous étions seuls; elle en profita pour être co-

80 1439 912 84 quette, et même un peu lourdement, comme le

84 1497 904 84 sont, je crois, les Anglaises quand elles s’en mé-

82 1562 101 64 lent.

79 1647 913 75 der, dit-elle; je ne suis pas belle du tout dans

84 1705 278 65 votre opinion.

123 1749 869 77 — C’est vrai, répondis-je en riant; vous êtes

80 1803 908 87 laide, mais bien coiffée, et j’envie votre habileté.

125 1865 869 80 — Ah! Et pourquoi faire? Voulez-vous donc

80 1920 573 72 natter et crêper vos cheveux?

127 1976 869 68 — Je voudrais, dans l’occasion, savoir dire à

86 2026 910 75 un modèle comment il faut s’arranger. Est-ce que

86 2082 777 70 vous me permettez de regarder de près ?

125 2128 875 70 (— Oui, regardez bien, et vous direz à la fa-

102 2179 878 102 meuse lavandière de l'Aqua argentina de s'ar

1004 9 917 68 ranger comme moi. Ah ça, vous touchez à mes

1007 59 912 68 cheveux ? Savez-vous qu’on ne doit pas toucher

1007 109 636 74 à un seul cheveu d’une Anglaise ?

1044 161 817 72 — J’ai ce droit-là, ne vous semble-t-il pas 2

1044 217 838 72 — Vous ? et pourquoi donc, s’il vous plait ?

1044 277 875 71 — Parce que, auprès de vous, je suis absolu-

1009 327 914 77 ment calme et indifférent. Je suis le seul homme

1011 375 906 73 au monde capable d’une pareille imbécilité; donc,

1013 431 906 68 le seul homme qui ne puisse vous inquiéter et

1019 489 574 63 vous offenser en aucune façon.

1050 537 867 75 Il faut vous dire que j’avais senti, au toucher.

1013 599 908 67 en effleurant la grosse tresse de son chignon, la

1011 637 912 81 différence des cheveux morts avec les vivans, et

1013 687 906 91 cela me donna l’aplomb d’ajouter : « Croyez-

1017 743 900 81 vous qu’une femme qui n’aurait pas, comme vous,

1019 791 904 91 cette profusion de cheveux, pourrait imiter votre

1019 857 223 71 coiffure? »

1054 909 876 71 — Je n’en sais rien, répondit-elle brusquement

1017 963 910 77 en me lançant un regard d’aversion où je crus li-

1019 1017 908 61 re clairement ces paroles ; Vous savez que ma

1021 1063 904 67 grosse tresse n’est pas à moi, parce que la Daniel-

1021 1103 908 81 la vous l’a dit, où qu’elle m’a coiffée de manière.

1021 1157 474 87 à rendre l’artifice visible.

1057 1221 872 79 Elle sortit au bout d’un instant, et quand elle

1021 1271 906 85 revint, je vis que l’on avait retouché à la coiffure.

1017 1321 913 85 Je me repentis de mon impertinence: Ceci avait

1021 1373 902 93 dû causer de nouvelles larmes à la pauvre Fras-

1025 1443 138 65 catine.

1056 1560 876 81 Je vois que je suis une pomme de discorde et

1029 1620 903 75 que je dois cesser absolument de taquiner l’une

1025 1664 905 73 ou l’autre. J'espère être quitte envers Brumières

1027 1722 905 62 et m’être consciencieusement assuré l’antipathie

1021 1760 911 79 de Médora. Les impertinences de la soubrette

1025 1811 909 79 m’ont bien aidé à obténir ce résultat; mais les

1025 1861 909 69 choses ne doivent pas aller plus loin, si je ne

1034 1917 896 71 veux pas que l’orage retombe sur la pauvre fille.

1069 1965 867 81 Savez-vous que je m’attache réellement à la

1029 2021 909 71 personne la moins aimable de la maison ? Je ne

1034 2063 908 83 parle pas de ce pauvre Buffalo qui a réellement.

1032 2111 914 79 beaucoup d’esprit et de savoir-vivre, mais au

1050 2154 886 109 veritable chien galeux de la famille, à lord B***.

1954 5 905 62 le prosaïque, le petit esprit, le vulgaire, l’igno-

1952 53 907 64 rant, l’homme nul, sens cœur et sans intelligence?

1946 102 913 63 Car telle est l’opinion bien arrêtée désormais de

1946 148 913 75 lady Harriet sur le compte de l’homme qu’elle a

1948 204 908 71 aimé jusqu’à la consomption, jusqu’à l’étisie.

1948 252 908 67 Quand je regarde cette courte et ronde person-

1952 298 909 66 ne, si bien guérie, si fraîche dans son soleil d’au-

1950 350 909 64 tomne, et si aimable quand elle oublie de déplo-

1950 402 911 68 rer la médiocrité de son mari, je ne puis m'em-

1952 454 904 64 pêcher de m’effrayer à la pensée de l'amour.

1948 502 911 58 Est-ce donc là une des réactions inévitables dés

1952 551 913 59 grandes passions, et faut-il absolument, quand

1952 593 909 65 on a été adoré, tomber dans ce mépris que les

1950 643 911 71 délicatesses d’un grand savoir-vivre peuvent à

1956 687 903 79 peine dissimuler chez lady B***, mais qui nâ-

1959 751 904 60 vrent son orgueil comme un poison lent à dose

1956 795 905 70 continue? Ceci ne serait rien encore, et vous me

1957 851 902 66 direz que je ne cours pas si grand risque d’ins-

1956 893 900 79 pirer de grandes passions. C'est bien mon avis;

1957 944 904 77 mais si, par hasard, j’étais capable d’en ressentir

1961 996 902 73 une et d’obtenir, pour compagne de ma vie, une

1957 1048 904 73 femme adorée, serais-je donc condamné, un jour

1957 1092 906 73 ou l’autre, à éprouver les angoisses et les écœu-

1957 1140 906 79 remens d’une désillusion comme celle dont lady

1961 1190 638 83 B*** me montre le triste exemple?

1996 1250 867 73 Il y a une chose certaine, cependant : c’est que

1959 1298 906 79 lady B*** est dans l’erreur sur le compte de son

1961 1354 900 65 mari et sur le sien propre. Lord B*** lui est in-

1956 1392 903 79 finiment supérieur sous tous les rapports sérieux.

1956 1450 907 87 Sans avoir beaucoup d’instruction ni d’ésprit, il

1957 1502 904 74 en a infiniment plus qu’elle; et quant au carac-

1959 1558 910 77 tère, il y a en lui une loyauté, une chasteté, une

1961 1601 906 84 candeur, une philosophie, une générosité à la

1963 1651 904 73 fois spontanées et raisonnées qui laissent bien loin.

1963 1695 906 77 derrière elles la douceur naturelle, la libéralité

1963 1753 902 65 insouciante et la sensiblerie exaltée de sa femme.

1967 1791 900 75 En somme, ce sont deux bonnes et honnêtes na-

1967 1841 902 74 tures; mais ici le mari a toutes les qualités essen-

1963 1890 906 82 tielles de l’homme, et l’épouse n’a que les agré-

1965 1945 908 68 mens vulgaires de la femme. Lady Harriet est un

1969 1988 904 79 type que l’on voit partout; lord B*** est une pré-

1969 2032 904 85 cieuse originalité, et, dans le cercle obscur des

1975 2086 697 77 vertus privées, uné supériorité réelle.

2015 2140 856 133 Au fond, je crois voir que ces deux âmes frois-

2890 23 923 44 sées ne se haïssent point, et que, tout en maudis-

2894 59 919 68 sant le joug qui les lie, elles ne le verraient pas

2894 109 921 68 se rompre sans douleur et sans effroi. Quelle est

2894 148 917 71 donc la cause du désenchantement de l’une et du

2892 198 917 73 découragement de l’autre ? Peut-être une fausse

2890 258 921 63 appréciation du monde extérieur, trop de dédain

2890 300 914 69 pour ce monde, de la part du mari, trop d’estime.

2894 354 914 67 de la part de la femme. Mais le dédain chez lord

2892 396 912 74 B*** vient d’un excès de modestie personnelle,

2898 454 910 62 et, chez lady Harriet, l’engouement résulte d’un

2892 497 441 75 fonds de vanité frivole.

2938 558 870 73 Voila donc un ménage à jamais troublé, deux

2896 614 917 68 existences profondément gâtées et stériles, parce

2896 676 915 59 qu’une femme manque de bon sens, et un homme

2894 716 324 75 de présomption!

2902 780 902 73 Je suis arrivé vite à parler de cette plaie secrè-

2890 840 918 65 te avec lord B***. Son seul défaut, c’est de la

2896 890 910 65 laisser voir trop facilement. Il y a si longtemps

2896 938 913 71 qu’elle le ronge! Peut-être aussi n’est-il pas né

2890 996 916 57 avec beaucoup d’énergie. Jé lui ai appris que j’a-

2900 1044 906 56 vais entendu sa conversation avec l’officier de

2896 1084 910 60 marine, à la Réserve, et que j’avais résolu de lui

2898 1144 908 56 en garder le secret, même avant de prévoir que

2894 1181 915 63 nous serions liés ensemble. Il m’en sait un gré in-

2896 1233 915 65 fini et me tient pour un homme excessivement

2896 1288 912 66 délicat. Il ne s’apercoit pas que ma discrétion ne

2900 1335 906 59 sert pas à grand chose, et que son attitude péni-

2898 1385 910 65 ble, mélancolique et un peu railleuse auprès de sa

2898 1441 910 59 femme fait deviner à tout le monde ce que je sais

2900 1477 909 73 avec plus de détail seulement. Je me suis permis

2900 1527 904 74 de le lui dire, et il m’a remercié de ma franchise,

2900 1576 908 71 en promettant de s’observer; mais lady Harriet

2900 1626 908 65 a, dans ses indignations rentrées, ou dans ses

2898 1678 906 67 soupirs de compassion, quelque chose de si bles-

2898 1724 910 65 sant pour lui, que je doute de l’utilité de mes

2902 1782 906 61 humbles avis. Il semble d’ailleurs que tous deux

2900 1828 902 58 soient tellement habitués à ne pas s’accepter,

2902 1866 906 68 qu’ils périraient d’ennui et ne sauraient plus que

2900 1915 911 82 faire d’eux-mêmes, si on arrivait à les mettre d’ac-

2908 1976 109 68 cord.

2944 2030 871 77 La belle Médora devrait être un trait d’union

2908 2092 901 67 entre eux; mais il ne paraît pas qu’elle y ait ja-

2942 2134 854 110 mais songé. C'est, je le crains bien, une tête é-

3846 21 915 79 ventée, sous son air grave et pensif. Elevée à

3846 73 915 75 travers champs par une mère voyageuse, ensuite

3842 134 918 56 orpheline et promenée de famille en famille, elle

3842 181 921 69 a fait acte d’indépendance dès sa majorité (car

3842 240 919 68 elle a déja quelque chose comme vingt-cinq ans

3840 289 925 67 en choisissant sa, tante Hazriet pour chaperon

3838 341 927 69 définitif. Cette préférerce s’explique peut-être

3840 394 925 64 par des affinités de goûts et d’habitudes : amour

3836 454 931 60 de la parure, de la paresse et de l’apparence en

3836 502 935 70 toutes choses. Elles nous font l’honner d’appeler

3838 554 927 72 cela des goûts d’artiste. Et puis, la jeune person-

3834 608 931 72 ne a fait cause communé de plaintes et de déni-

3838 672 929 56 gremens moqueurs avec la chère tante contre le

3838 716 927 60 pauvre oncle. Lord B*** en s'ouffre et le sup-

3838 764 931 70 porte. Elle a doublé ma part de blâme, dit-il, en

3838 824 931 60 apportant son contingent de remarques défavo-

3834 874 935 66 rables sur mon compte; mais, d’autre part, elle

3833 926 938 66 a allégé mes ennuis en réussissant à faire rire

3836 978 931 73 Harriet. C’est presque toujours à mes dépens;

3833 1032 930 73 mais du moment qu'elle rit, elle est un peu dés-

3836 1086 929 71 armée, et si on me méprise davantage, du moins

3836 1134 559 77 on me laisse plus tranquille.

3873 1348 892 83 Nous avons retiré, du journaia de Jean Valreg

3844 1416 946 77 quelques chapitres que nous nous proposons de

3834 1468 933 75 publier à part. Les impressions de voyage l’em-

3840 1527 929 60 portaient trop sur le roman de sa vie, et, dans le

3838 1576 935 65 choix que nous avons fait, nous désirons rétablir

3840 1626 929 67 un peu l’équilibre auquel il ne songéait nullement

3838 1681 881 70 à s’astreindre. en nous écrivant ses réflexions.

3877 1730 896 79 Nous ne le suivrons donc ni dans les musées, ni

3840 1784 933 79 dans les églises, ni dans les palais de Rome, et

3834 1839 935 97 c'est à Frascati que nous reprendons le fil de ses

3840 1897 228 81 aventures.

3898 2103 382 114 (La suite à demain.)

4287 2007 322 123 GEORGE SAND.

77 1333 618 77 et le goût d’une véritable artiste.

127 1589 861 87 — Ne faites donc pas semblant de me regar-
