4758 2260
96 11 789 94 FEUILLETON DE LA PRESSE

152 455 673 132 LA DANIELLA.

450 830 75 72 XI.

1009 11 878 62 Il faut pourtant que je tâche de ne pas vous

966 58 915 68 ennuyer aussi, et je veux vous dire quelle

971 109 908 69 singulière conversation j’ai entendue avant-hier;

968 158 911 62 cela fera la suite, et, à certains égards, comme la

970 205 907 64 contre partie de celle que j’ai surprise à la Ré-

973 267 904 51 serve. Il paraît que je suis destiné à m’emparer,

971 308 912 57 comme malgré moi, des secrets d’autrui. Ne me

975 354 910 60 dites pas que je fais métier d’écouter aux portes

962 404 919 63 ou au travers des cloisons. Vous allez voir com-

971 461 483 71 ment la chose est arrivée.

1009 519 874 64 Pour vous la faire comprendre, il faut que je

977 574 714 56 vous dise où et comment je suis logé.

1007 617 878 77 Il arrive quelquefois, dans ces grands palais

973 678 912 69 d’Italie, que les deux étages principaux sont la

977 726 910 76 propriété de personnages différens. Il en a été

971 775 916 66 ainsi dans celui où je me trouve, car ces deux

971 823 912 75 habitations superposées ont été arrangées de ma-

970 879 915 62 nière à être bien distinctes l’une de l’autre. Nulle

973 922 910 76 communication entre le premier et le second.

971 973 914 74 Quand je vais diner avec mes Anglais, j'ai à des-

977 1033 910 66 cendre jusque dans la rue pour remonter chez

975 1069 906 85 eux par une autre porte située sur une autre fa-

979 1126 333 71 cade de l’édifice.

1015 1177 874 79 Mais cette disposition particulière n’a pas été

979 1233 910 75 prise lors de la construction du palais, et il se

979 1290 910 62 trouve dans mon appartement, dans ma chambre

975 1329 916 77 même, une porte donnant sur un petit escalier

977 1386 912 69 qui aboutit à une impasse. C’était autrefois, sans

977 1438 912 59 doute, une des communications pour le service

979 1485 912 63 intérieur de la maison, et elle est parfaitemênt

983 1529 908 64 murée. J’avais exploré cet escalier le jour de mon

979 1578 912 66 installation, et, voyant qu’il n’aboutissait qu’à un

975 1632 910 66 gros pilier pris dans la maçonnerie, j’avais jugé

983 1685 781 66 parfaitement inutile d’en demander la clé.

1013 1738 874 71 Avant-hier done, vers six heures, comme je ve-

979 1798 910 60 nais de rentrer pour faire un peu de toilette (car

977 1836 912 73 il est à peu pres impossible de songer à diner

981 1934 908 20 dehors, lady Harriet m'envoyant dire sept fois

981 1945 910 60 tous les matins qu’elle compte sur moi pour le

981 1996 910 64 soir), je fus surpris de trouver cette porte ouverte

981 2035 912 66 et le très remarquable berret basque de Tartaglia

981 2084 910 68 sur la première marche. Je l’appelai, il ne répon-

960 2135 938 102 dit pas; mais il me sembla entendre remuer au

75 1005 872 87 Je vous ai bien assez promené aujourd’hui chez

37 1075 908 73 les morts. Nous serons forcés d’y retourner, car

39 1126 908 66 ici il n’y a pas moyen d’en sortir; mais, pour au-

32 1177 917 73 jourd’hui, il faut que je vous parle un peu des

41 1237 147 54 vivans.

73 1263 874 83 Miss Médora est donc tout à fait persuadée que

35 1333 910 70 j’ai l’horreur du beau, et j’ai bien senti, dans ses

37 1382 912 62 paroles, que, la Daniella aidant, Tartaglia avait

33 1427 912 70 fait les affaires de mon camarade. On sait que je

35 1480 912 62 me défends d’adorer les charmes irrésistibles de

37 1527 912 66 miss Médora, et que j'ose trouver plus piquans

39 1576 910 64 ceux de la soubrette. La soubrette elle-même a

39 1627 912 66 l’air-de croire à mon amour, vu que je continue

37 1670 910 73 mon rôle et que je l’accable de complimens exa-

33 1728 920 57 gérés. Brumières pousse sa pointe et se nourrit

35 1766 914 72 d’espérances que je crois tout aussi folles que

37 1815 910 66 celles dont Tartaglia persiste à vouloir m’enfié-

37 1872 912 65 vrer. Cela fait une situation asséz piquante et qui

37 1913 910 75 m’égaierait si je pouvais secouer je ne sais quel

33 1964 918 71 manteau de glace tombé sur mes épaules et sur

37 2018 716 72 mon esprit depuis que je suis à Rome.

614 958 227 55 24 mars (Suite).

1915 45 908 34 fond de l’mpasse, et j’y descendis dans l'obscu-

1913 58 912 60 rité. Quand je fus à la dernière marche, je sentis

1911 103 914 66 une main se poser sur mon bras. — Que fais-tu

1913 158 910 66 la, coquin ? lui dis-je, reconnaissant le sans-gêne

1913 210 908 57 de mon drôle.— Chut! chut ! tout bas! me répon-

1911 252 912 58 dit-il d’un ton mystérieux. Ecoutez-la, elle parle

1917 295 904 68 de vous !» Et, m’attirant avec lui contre la mu-

1915 340 908 72 raille, il m’y retint par le bras, et j’entendis en

1911 410 496 55 effet prononcer mon nom.

1947 444 876 73 C’était la voix de miss Médora qui m’arrivait à

1913 504 908 70 l'oreille, comme au moyen d’un cornet acousti-

1915 551 908 72 que, et qui disait : « Tu déraisonnes; il te trouve

1915 600 906 64 laide, et c’est une coquetterie à mon adresse, de

1917 647 906 70 faire semblant... » Un éclat de rire de la Daniella

1921 706 478 60 interrompit la jeune lady.

1947 745 868 79 J’aurais dû n’en pas éconter davantage. Oh !

1913 806 908 65 cela, j’en conviens, et voilà que, suivant la pré-

1917 860 908 57 diction de Brumières, je subissais fatalement la

1917 902 906 73 mauvaise influence de cette canaille de Tarta-

1917 952 908 68 glia ; mais, croyez-vous qu’un homme de mon

1919 1007 906 62 âge, quelque sérieux que l’ait rendu sa destinée,

1917 1052 904 72 puisse entendre deux jolies femmes parler de lui,

1917 1097 816 72 et résister à la tentation de prêter l’oreille ?

1949 1152 874 87 La Médora avait, à son tour, interrompu le rire

1919 1214 906 72 de la Frascatine par une réprimande assez ai-

1917 1261 906 76 gre. — Vous devenez sotte, lui disait-elle, et pre-

1917 1312 908 72 nez garde à vous! Je ne souffrirais pas auprès

1917 1363 902 73 de moi une fille qui aurait de vilaines aventures.

1921 1420 902 67 — Qu’est-ce que votre seigneurie appelle vilaines

1921 1461 902 72 aventures ? reprit vivement la Daniella. Qu'y au-

1915 1506 906 79 rait-il de vilain à être aimée de ce jeune garçon ?

1921 1559 902 70 Il n’est ni riche, ni noble, et il me conviendrait

1921 1617 717 83 beaucoup mieux qu'à votre seigneurie.

1955 1679 874 64 Là dessus, miss Médora fit une morale à sa fem-

1915 1732 910 64 me de chambre, essayant de lui prouver qu’un

1919 1783 906 60 homme de ma condition, bien élevé comme je le

1917 1823 910 77 paraissais, ne pouvait prendre l’amour au sérieux

1921 1885 904 60 avec une grisette, avec une artigiana de Frascati;

1919 1924 908 64 qu’elle serait trompée, abandonnée, et que, pour

1921 1975 908 72 un moment de vanité satisfaite, elie aurait à pleu-

1919 2026 554 72 rer tout le reste de ses jours.

1960 2088 867 62 La Daniella ne me semble pas fiile à tant se dés-

1936 2139 889 104 espérer, le cas échéant, car elle continua sur un

64 2114 889 98 La reproduction est interdite. — Voir la Presse du 6 au

37 2154 183 81 16 janvier.

2857 16 908 51 ton très décidé : — Laissez-moi penser de tout

2857 56 910 57 cela ce que je veux, signora, et renvoyez-moi si

2848 105 915 68 je me conduis mal. Le reste ne vous regarde pas,

2849 152 918 58 et les sentimens de ce jeune homme pour moi ne

2855 195 912 81 peuvent que vous divertir, puisqu’il vous déplaît

2859 252 714 73 encore plus que vous ne lui déplaisez.

2891 318 872 60 La discussion alla quelques momens ainsi;

2851 361 910 70 mais d’aigre-douce elle devint tout à coup vio-

2851 414 914 56 lente. Miss Médora se plaignait d’être mal coiffée

2859 455 900 66 il paraît qu’on la coiffait pendant ce colloque) ;

2855 504 910 70 et comme la Daniella assurait avoir fait de son

2857 553 906 72 mieux et aussi bien qu’à l’ordinaire, l’autre s’em-

2857 600 912 74 porta, lui dit qu’elle le faisait exprès, et, s’étant

2853 653 910 64 apparemment décoiffée, elle donna l’ordre de re-

2851 702 906 64 commencer. Il'y eut des larmes de la Daniella,

2855 751 904 62 car, après un peu de silence, l’Anglaise reprit :

2859 798 906 64 «Allons, sotte, pourquoi pleures-tu ? — Vous ne

2855 849 910 66 m'aimez plus, dit l’autre. Non! depuis que ce

2855 902 906 64 jeune homme est ici, vous n’êtes plus la même:

2857 945 908 68 vous avez du dépit, et je vous dis, moi, que vous

2861 996 160 68 l’aimez.

2893 1049 877 84 — Si je ne vous savais folle, répondit l’Anglai-

2855 1111 912 67 se irritée, je vous chasserais pour les imperti-

2855 1171 914 60 nences que vous dites à tout propos; mais je vous

2857 1222 908 62 prends peur ce que vous êtes, une sauvage! Al-

2859 1261 604 74 Ions, venez me mettre ma robe.

2889 1323 874 76 Le bruit d’une porte, brusquement fermée,

2859 1378 908 64 mit fin à cette querelle, et à mon péché

2857 1427 908 58 de curiosité. En cherchant à retrouver l’esca-

2861 1480 904 64 lier, je m’aperçus que Tartaglia était toujours

2859 1521 908 72 près de moi et qu’il n’avait pas dû perdre un

2855 1568 902 76 mot de tout ceci. Je l’avais oublié. — Mais,

2857 1619 910 68 insupportable espion, lui dis-je, pourquoi es-tu

2863 1683 902 51 venu là, et comment ôses-tu te permettre de sur-

2861 1721 904 68 prendre les secrets d’une maison qui l’accueille

2857 1764 908 76 et te nourrit?—En cela, répondit l’impudent per-

2861 1824 868 72 sonnage, nous sommes à deux de jeu, mossiou!

2898 1885 869 79 Fort bien, pensai-je, j’ai ce que je mérite; et,

2863 1941 904 74 pour ne pas faire avec lui le pendant de la scène

2857 1996 913 68 des deux jeunes filles, je remis ma réplique à un

2857 2045 915 69 autre moment. «Avant de remonter, me dit-il en

2857 2090 906 68 me retenant avec son incorrigible familiarité,

2887 2135 885 92 donnez-vous donc le plaisir de regarger la jolie

3797 7 902 55 invention! » Et, frottant sur le mur une allumette

3799 48 906 63 qui prit feu pour nous éclairer suffisamment,

3797 97 904 66 me montra, sous le renfoncement de la muraille,

3797 150 912 59 contre le pilier, une petite ouverture simulan

3801 195 906 70 l’absence d’une brique. J’y collai mon œil, et ne

3799 244 917 72 vis pas le plus petit rayon de lumière.

3833 303 877 71 — Il n’y a rien là pour la vue, continua le ci-

3795 352 912 64 cérone de cet arcane domestique. Cela serpente

3795 397 910 77 dans le mur; c’est arrange pour entendre. C’es

3797 461 520 68 comme une oreille de Denys

3835 502 508 79 — Et l'invention est de toi?

3831 553 879 79 — Oh! non, certes! Je n’étais pas né quand

3795 600 910 87 celui qui a imaginé ça est mort. C’était un cardi-

3799 659 618 77 nal jaloux de sa belle-sœur qui...

3827 713 889 81 Je remontai à ma chambre. J’ai peu de goût

3797 768 917 75 pour les historiettes scandaleuses de Tartaglia.

3799 819 915 77 Vraies ou fausses, elles sont une satire si sanglan-

3795 864 921 79 te des mœurs des princes de l’Eglise, et en mê-

3797 913 919 75 me temps, je le vois tellement dévot, que je me

3801 973 917 68 tiens avec lui sur mes gardes. Il est trop Iibre

3797 1017 923 71 dans son langage pour n'être pas mouchard, et

3799 1079 753 60 agent provocateur par dessus le marché.

3842 1124 876 79 — Mossiou ! mossiou! dit-il en riant, quand j’eus

3801 1184 911 72 refermé la porte en lui promettant beaucoup de

3799 1231 910 76 coups de pied quelque part si je l’y reprenais ;

3803 1282 906 74 vous ne feriez point cela! Je sais un Romain, moi,

3799 1322 911 82 et, au contraire de la Médora, qui fait l’indiffé-

3799 1376 915 76 rente parce qu’elle est fâchée, vous faites le fâ-

3797 1427 915 74 ché pour cacher que vous êtes content. J’espère

3801 1474 911 68 que vous en êtes sur, à présent, que j’avais rai-

3797 1521 910 77 son? Vous êtes aimé! Je ne me trompe jamais,

3797 1572 910 77 moi! Allez, allez, excellence, n’ayez pas peur

3797 1621 910 79 En écoutant souvent par-là, vous saurez com-

3797 1674 912 77 ment il faut vous conduire, et je vois, à présent,

3799 1721 911 68 que vous vous y prenez bien. Vous poussez au

3797 1766 906 77 dépit pour faire pousser la passion. C’est bien, je

3797 1823 910 60 suis content de vous; mais vous, quand vous se-

3801 1870 906 77 rez mylord, souvenez-vous du pauvre Tartaglia.

3835 1930 874 88 La-dessus, il sortit plus enchanté que jamais

3804 1986 247 61 de lui-même.

3835 2043 870 85 La première parole que j'adressai à Médora,

3801 2099 904 59 au moment du dîner, fut une louange exhorbi-

3793 2147 914 84 tante sur l’admirable arrangement de ses che-

210 141 554 68 DU LUNDI SOIR 19 JANVIER 1857.
