4800 2348
103 88 806 84 FEUILLETON DE LA PRESSE

230 205 554 82 DU MARDI SOIR 20 JANVIER 1857.

174 485 677 147 LA DANIELLA.

469 825 90 80 XII.

99 986 869 88 Je crains, mon ami, d’avoir été bien spleenéti-

64 1044 906 79 que ces jours derniers. Mon dégoût de Rome s’est

60 1095 910 79 terminé par quelques jours de maladie. J’ai

68 1148 710 71 quitté Rome et j’espère être mieux ici.

105 1183 867 79 La principale cause de mon mal, c’est le

64 1238 908 80 froid que j’ai éprouvé à Tivoli. C’est bien beau,

68 1293 906 72 Tivoli! Je vous en parlerai un autre jour. Je sais

62 1338 912 80 que vous voulez, avant tout, que je vous parle de

66 1379 908 82 moi. La bonne lady Harriet me voyant trembler

70 1424 904 82 la fièvre, cela m’avait pris comme un état con-

74 1479 904 74 vulsif en rentrant de cette course, a prétendu me

68 1528 912 76 soigner et me veiller elle-même. Son mari a eu

70 1575 910 88 beaucoup de peine à lui faire comprendre que

70 1624 912 84 cela me gênait et me contrariait au point de me

70 1676 914 79 rendre beaucoup plus malade, et c’est lui qui s’est

74 1717 910 81 chargé de moi. Mais avec quelle délicatesse et

72 1764 906 90 quelle bonté! Cet homme est réellement excel-

66 1815 916 81 lent! Voyant que j'éprouvais, comme les chats, le

66 1870 920 72 besoin de me cacher d’être malade, il s’est caché

72 1919 914 82 lui-même derrière mon lit et ne s’est montré-que

72 1962 914 92 quand, battant la campagne, j’ai été hors d’état

74 2011 892 78 de comprendre la sollicitude dont j'étais l’objet.

111 2064 875 80 Je suis resté ainsi deux fois douze heures, avec

74 2113 910 80 un intervalle de douze heures entre les deux ac-

986 74 908 68 cès. Un bien habile et bien digne médecin fran-

986 127 898 66 çais m’a médicamenté à propos et sauvé, je crois,

988 183 902 59 d’une plus grave maladie. Je dois dire que la pe-

990 221 902 64 tite Daniella m’a montré aussi beaucoup d’inté-

984 264 912 68 rêt, et que, dans mes momens lucides, je l’ai vue

990 320 904 67 autour de moi, aidant lord B*** à me dorlotter.

994 408 906 22 Et puis, je ne l'ai plus revue, et même, lorsque je

994 420 906 59 l’ai cherchée dans le palais pour lui faire mes re-

990 465 908 71 mercîmens et mes adieux au moment du départ,

994 508 688 63 il m’a été impossible de l’apercevoir.

1029 547 872 71 C’est qu’il faut vous dire que je me suis enfui à

996 600 902 69 la sourdine. Aussitôt que j’ai été sur mes pieds,

997 659 901 66 je me suis fait conseiller la campagne pour quel-

999 704 904 70 ques jours, par le docteur Mayer. J’aurais voulu

994 751 911 72 retourner à Tivoli; mais l’air y est mauvais et

996 790 907 74 c’est Frascati qui m’a été désigné. Lord B*** vou-

1001 841 900 78 lait m’y amener et s’occuper de mon installation;

1001 894 902 72 mais je déteste tant occuper les autres de ma sot-

1001 986 902 23 te personne encore nerveuse et irascible comme

1001 986 906 76 on l'est quand on se sent affaibli, que je me suis

1001 1037 900 80 sauvé avant le jour désigné pour le voyage. J’ai

1001 1085 906 79 pris une petite voiture de louage et me voilà en-

1001 1136 495 77 fin libre, c’est-a-dire seul.

1041 1181 868 75 Frascati est à six lieues de Rome, sur les monts

1013 1234 896 76 Tusculans, petite-chaîne volcanique qui fait par-

1003 1285 910 69 tie du système des montagnes du Latium. C’est

1009 1336 904 72 encore la campagne de Rome, mais c'est la fin de

1011 1375 904 80 l’horrible désert qui, environne la capitale du

1009 1422 904 80 monde catholique. Ici la terre cesse d’être incul-

1011 1471 906 72 te et la fièvre s’arrête. Il faut monter pendant une

1013 1520 904 72 demi-heure, au pas des chevaux, pour atteindre

1013 1577 902 70 la ligne d’air pur qui circule au-dessus de la ré-

1011 1618 906 76 gion empestée de la plaine immense; mais cet

1013 1665 904 84 air pur est moins dû à l'élévation du sol qu’à la

1015 1712 900 76 culture de la terre et à l’écoulément des eaux

1017 1759 900 78 car Tivoli, plus haut perché du double que Fras-

1017 1807 838 85 cati, n'est pas à l’abri dé l’influence maudite.

1054 1858 867 71 Aux approches de ces petites montagnes, quand

1017 1954 900 28 on a laissé derrière soi les longs aqueducs ruines

1017 1964 906 70 et trois ou quatre lieues de terrains ondulés, sans

1017 2005 906 84 caractère et sans étendue pour le regard, on tra-

1021 2052 902 84 verse de nouveau une partie de la plaine dont le

1017 2103 910 80 nivellerent absolu présente enfin un aspect par-

1019 2146 910 90 ticulier et assez grandiose. C’est un lac de pâle

1033 2212 870 104 verdure qui s'étend sur la gauche jusqu au pied

553 890 294 88 Frascati, 31 mars.

1925 62 896 69 du massif du mont Gennaro. Au baisser du soleil,

1921 117 906 72 quand l'herbe fine et maigre de ce gigantesque

1925 164 902 72 pâturage est un peu échauffée par l’or du cou-

1927 203 902 68 chant et nuancée par les ombres portées des

1925 262 902 66 montagnes, le sentiment de la grandeur se révèle.

1925 309 906 60 Les petits accidens perdus dans ce cadre immen-

1927 354 906 62 se, les troupeaux et leurs chiens, seuls bergers

1931 403 896 60 qui, en de certaines parties de la steppe,

1933 444 902 68 osent braver la malaria toute la journée, se

1929 489 906 70 dessinent et s’enlèvent en couleur avec une net-

1935 540 902 68 teté comparable à celle des objets lointains sur

1935 590 904 65 la mer. Au fond de cette nappe de verdure, si

1937 649 902 61 unie que l’on a peine à se rendre compte de son

1929 694 908 57 étendue, la base des montagnes semble nager

1931 729 908 69 dans une brume mouvante, tandis que leurs som-

1933 776 906 69 mets se dressent immobiles et nets dans le ciel.

1974 827 863 67 Mais, en résumé, voici la critique qui se pré-

1935 882 910 63 sente à mon esprit sur l’effet bien souvent manqué

1931 925 910 74 de la plaine de Rome. Je dis manqué par la natu-

1935 982 908 58 re sur l’œil des coloristes, et peut-être aussi sur

1931 1017 914 82 l’âme des poètes. C’est un défaut de proportion

1937 1066 908 78 dans lés choses. La plaine est trop grande pour

1941 1127 906 64 les montagnes. C’est une toile énorme avec-un

1941 1168 908 72 petit cadre. Il y a trop de ciel, et rien ne se com-

1937 1215 910 76 pêse pour arrêter la pensée. C’est solennel et en-

1941 1275 908 69 nuyeux comme, en mer, un calme plat. Et puis, le

1943 1310 904 71 genre de civilisation de ce pays-ci trouve moyen

1943 1359 902 69 de tout gâter, même le désert. Puisque désert il y

1943 1408 908 67 a on voudrait le voir absolu, comme la prairie in-

1947 1455 904 69 dienne de Cooper, dont los défauts naturels me

1943 1504 908 76 semblent, d’après ses descriptions et les images

1945 1553 904 76 que j’ai vues, assez comparables à ceux d’ici : de

1948 1602 899 65 trop petites lignes de montagnes autour de trop

1947 1647 904 78 grands espaces planes; mais, au moins, la prai-

1947 1694 907 76 rie indienne éxhale le parfum de la solitude, et

1950 1747 904 72 l'œil du peintre qui voit, quoi qu’il fasse, à tra-

1950 1802 904 72 vers sa pensée, peut se reposer sur uné sensa-

1948 1849 903 76 tion d’isolement complet et d’abandon solennel.

1988 1892 868 68 Ici, n’espérez pas oublier les maux passés ou

1950 1937 906 84 présens de l’état social. Cette plaine est parse-

1948 1987 912 73 mée de détails criards, d’une multitude de petites

1950 2044 908 67 ruines antiques plus ou moins illustres; de tours

1954 2093 912 76 (guelfes ou gibelines, très grandes de près, mais.

1956 2138 906 76 Imicroscopiques sur cette vaste arène; de ca¬

1984 2185 857 102 uttes de paille, assez vastes pour abriter. 1

105 2199 883 113 L'arepradu-Pon est imteraue. — Yoir la Presse du d'au

2856 48 906 71 (puit, les troupeaux errans pendant-le jour, mais

2854 95 906 71 «si petites à distance qu’on se demande si un

2858 154 904 57 (homme peut y loger. Ce semis de détails toujours

2860 191 898 69 trop noirs ou trop blancs, selon l'heure et l’effet.

2862 248 900 61 (est insupportable, et fait ressembler la plaine à

2864 297 388 64 un camp abandonné.

2901 342 865 61 (Pardonnez-moi cette critique froide dans des

2866 387 900 72 lieux qu’on est forcé par l’usage de trouver admi¬

2868 434 900 62 rables de lignes et ruisselans -de poésie. Il faut

2868 483 898 64 bien que je vous explique pourquoi, saufile ra¬

2862 528 906 68 cres instans où l’œil saisit-un détail par hasard

2864 587 908 58 harmonieux (les troupeaux le sont toujours et

2866 630 902 72 (partout) et une échappée entre deux buttes où¬

2866 675 904 74 (par bonheur, il n’y apas de ruines tranchantes, je

2866 727 906 61 (m’écrie intérieurement : « Laide, trois fois laide

2870 772 900 67 et stupide la steppe de Romé !-O més belles lan¬

2870 819 904 65 des plantureuses de-la Marche et du Bourbon¬

2872 870 898 69 nais, personne ne parle de vous! Voilà ce que

2870 921 904 76 (c’est que de manquer de peste, de cadavres, de

2874 978 575 55 rapins et de larmes de poète! ».

2909 1009 869 71 (Enfin, ici, à Frascati, on entre dans un autre

2874 1070 900 58 monde, unpetit monde dejardins dans les rochers.

2872 1117 908 60 (qui, grâce au ciel, ne ressemble à rien, et vous

2872 1162 910 70 (fait-comprendre les délices de la vie antique. Je

2872 1209 908 74 Itâcherai de vous en donner peu à peu l’idée; car

2872 1256 910 62 1c’est un cachet bien tranché, et voici la prémière

2874 1307 908 68 (fois que je me sens vraiment loin de la France

2876 1357 906 61 (et dans un pays nouvéau. Pour aujourd’hui, je

2874 1408 910 65 (ne vous parlerai que-de mon installation-dansun

2878 1459 620 59 (domicile étrange comme le reste)

2919 1504 865 65 Oubliez vite ce mot que je viens de- dire : les

2874 1545 910 69 Idélices de la vie antique, en parlant de la villégia¬

2882 1592 904 67 (ture romaine. La campagne qui m’environne mé¬

2880 1649 908 59 (rite le titre de délicieuse; mais la civilisation n’y

2884 1698 908 66 apoint de part pour le pauvre voyageur, et siles

2884 1743 906 66 (villas princières-que je ;vois, de ma fenêtre

2888 1794 900 70 'attestent un reste de magmificence, la popula¬

2888 1835 904 76 tion ouvrière et bourgeoise qui végète à leurs

2888 1884 904 78 pieds ne me paraît pas s’en ressentir le moins du

2890 1935 150 66 monde.

2925 1978 867 68 (La ville est pourtant-jolieynon-seulement-par

2888 2034 904 69 (sa situation pittoresque-et son côté de ruines ro¬

2890 2091 910 63 maines pendant sur le ravin, mais encore pst ei¬

2892 2144 902 61 le-même. Elle est bien coupég et assezbién bâtie.

2915 2185 863 100 Iny aurive par me porte fertihee pui e du ce

3792 45 912 70 (ractère; la place bien itelienne avec sa fontaino

3796 93 906 69 et sà basilique, annozce une importance, une é¬

3796 150 908 59 tendue et une aisance qui n’existent pas : mais

3796 197 910 61 (c’est comme cela dans toutes ces petites villes des

3788 238 923 69 (Etats de l’Église : toujours une belle entrée, des.

3790 289 923 67 (menumens, quelques grandes maisons d’aspect

3794 336 915 65 (seigneurial, quelque villa élégante ou quelque.

3792 393 919 57 (riche monastère ayant à vous montrer quelques

3800 432 909 66 tableaux de maîtres; et puis, pour cité, une bour¬

3798 485 915 64 gade d’assez bon air, peuplée de guenilles et re¬

3800 534 913 68 «célant à l’intérieur une misère sordide ou une in¬

3802 583 364 60 signe malpropreté.

3831 620 882 76 r-Je suis entré dans vingt maisons pour trouver

3805 677 910 66 lun coin où je pusse m’établir, et Dieu sait quié¬

3805 729 910 63 levé dans un pauvre village de paysans, je n'ap¬

3807 780 914 65 portais pas là de Prétentions aristocratiques. J’ai

3809 827 912 67 trouvé partcut ce contraste particulier à l’Italie,

3807 870 918 75 (un luxe de décoration inutile au milieu d’un dé¬

3807 919 916 63 (nuement absolu des choses Jes plus -nécessaires.

3811 966 908 72 à lavie. Dans la plus pauvre demeure, des sculp¬

3809 1017 912 66 tures et des peintures; nulle part, à moins de

3809 1070 912 64 (prix exorbitans, un lit propre, une chaise avant

3809 1121 914 66 (ses quatre pieds, une fenêtre ayant toutes ses vi¬

3811 1168 912 64 (tres. J’entrais dans ces maisons sur leur mine.

3807 1211 920 62 1Bien bâties et tenues fraichés, au dehors, par un¬

3809 1258 918 66 (air pur, elles annonçaient l’aisance. On est tout

3811 1309 914 64 surpris detrouver, dès l’entrée, une sorte de ves¬

3813 1365 916 59 (tibule voûté qui sert de latrines aux pacsans; un.

3813 1414 918 61 escalier noir, étroit, avec-des marches de deua

3811 1457 918 69 Lpieds de haut, conduisant à un bouge infamé dont

3815 1504 914 67 (Todeur vous fait reculer. Il est vrai que l’on a du

3817 1551 916 63 (marbre sous les pieds et des fresquestelles quel¬

3817 1600 912 69 les sur la tête. Le superflu est le nécessaire pous

3817 1655 583 51 (le Romain, et réciproquement..

3856 1696 877 63 (L’intérieur de VAlbergo. Nobile de Frascati, ai¬

3819 1743 912 72 (cien palais vendu, et revendu, est une curiosite

3819 1802 918 62 (sous ce rapport. On traverse de vastes salleg

3821 1841 914 70 remplies de statues de marbre blanc, copiées sun

3819 1888 918 76 Ides antiques. Dans un grand hémicycle qui sert

3819 1937 920 66 «de salon principal, il y er tout un Olympe d’une.

3821 1991 918 61 Lcolossale bêtise) Ailleursy, ce sont des chambres.

3811 2042 926 69 Lreprésentant des paysages vus à travers des cos

3825 2091 906 69 (Jonnes, des salles de bain -fort agréables, avec

3827 2142 910 65 des baignoires de marbre blanc sur le modèk,

3845 2189 880 96 des vasques antiques; d’autres endroits plus se

76 2256 201 74 4° ianvier. )
