4825 2313
53 69 908 44 crets encore sont aussi en marbre blanc et déco-

50 84 906 87 rés de sculptures. Puis, sur tout ce luxe de pa-

50 142 913 81 rois, des loques de tapis rapiécés, des fauteuils

55 194 908 97 dépareillés, si gras et si vermoulus qu’on n’ose

52 250 909 95 s’y asseoir; des lits rembourrés d’ardoises, et,

55 310 906 94 pour ornemens, des vases en cartonnage fané,

52 373 913 81 rouge et or, contenant des bouquets de plumes de

52 429 911 89 paon. Je m’imagine que le roi de Tombouctou,

50 483 913 91 ou le grand chef des Têtes-Plates, se pâmerait

55 547 812 77 d’aise devant un pareil goût de décoration.

90 597 879 96 Ce que j’ai efin trouvé de plus comfortable et

53 655 916 92 de moins cher, c'est la villa Piccolomini, où me

55 717 906 86 voilà installé. C'est une grande raaison carrée,

53 772 920 87 Iargement bâtie, et qui, maigré son dénuement

55 834 914 85 et son état de dégradation, mérite encore le

53 892 910 91 titre de palais. Un perron, à marches brisées

53 956 914 75 et disjointes, où il faut se baisser pour passer sous

53 1019 916 68 le linge qui sèche sur des cordes, donne entrée

53 1075 918 62 à un vestibule fermé, qui, rempli de fleurs, ferait

59 1117 912 87 une jolie serre. Au rez-de-chaussée s’étendent

55 1175 914 99 d’immenses appartemens voûtés, d’une élevation

61 1245 910 79 disproportionnée, et percés de petites fenêtres qui

53 1310 922 72 ont fermé jadis. Tout cela est disposé pour le

57 1368 912 66 frais en été; mais, au temps où nous sommes,

61 1409 910 75 c’est glacial. La fresque qui garnit tout, de la ba-

57 1466 914 81 se au faîte de ces chambres-édifices, est d’un

57 1526 914 85 goût insupportable. Tantôt cela veut imiter les

55 1588 916 83 arabesques de Raphaël et n’imite absolument

53 1642 924 75 rien; tantôt d’atroces bonshommes nus, soi-di-

52 1701 921 72 sant divinités mythologiques, se tordent au pla-

59 1757 910 72 fond dans des poses terribles qui imitent grotes-

61 1807 908 87 quement les Michel-Ange. Les portes sont à fond

55 1871 916 83 d’or, rehaussées du chapeau et des cordelières

59 1937 912 73 du cardinalat, emblèmes qui vous poursuivent

59 1989 912 73 dans toutes ces demeures seigneuriales, puisqu’il

61 2048 912 58 n’est pas d’ancienne famille qui n’ait eu quelques

63 2104 916 89 ans de ses membres pourvus des hautes dignités

59 2149 230 131 de l'Eglise.

1035 13 871 69 Tout cela est sale, crevassé, moisi, terni d’une

994 71 912 87 croûte de piqûres de mouches. De lourdes con-

996 134 908 78 soles dorées, à dessus de riches et laides mosaï-

998 192 908 72 ques, et menaçantes de vétusté, garnissent les

994 242 912 68 coins. Les glaces, de quinze pieds de haut, sont

998 302 910 64 dépolies par l’humidité, et raccommodées, dans

998 356 908 83 leurs brisures, avec des guirlandes de papier

994 406 914 97 bleu. Le pavé de petites briques s'égraie sous

998 472 910 85 les neds. Les lits de fer, sans rideaux, dispa-

1000 530 904 67 raissent dans l’inmmensité. Le reste du mobi-

992 587 914 74 lier est à l’avenant de cette misérable opu-

996 632 914 96 lence. Une pauvre cheminée, pour tout un

998 693 912 95 appartement de cinq pièces énormes, est à

992 763 918 71 peu près inutile : on ne trouve de bois à

998 821 914 63 achetér à aucun prix à Frascati, bien que

1000 871 910 73 ses collines soient couvertes d’une magnifi-

998 927 916 84 que végétation; mais tout cela appartient à

998 983 912 100 trois ou quatre familles qui, à bon droit, res-

994 1058 920 73 pectent leurs antiques ombrages, et n’ont rien de

996 1116 918 73 superflu à vendre de leur bois mort. Le pauvre

998 1164 914 83 monde et les étrangers qui s’imaginent, comme

996 1222 916 77 moi, qu’il faut aller chercher un hiver doux et un

996 1274 920 94 printemps chaud en Italie, se dégèlent le bout

994 1343 916 79 des doigts à la flamme rapide de quelques tiges

998 1397 914 69 de bambous pourris qui ne peuvent plus servir

996 1451 916 83 d’échalas aux vignes, et qu’on daigne leur vendre

998 1507 887 83 aussi cher que, chez nous, des bûches de Noël.

1039 1567 873 82 Au dessus de ce rez-de-chaussée qui, sur l’au-

998 1624 912 87 tre face de la maison, bâtie à mi-côte, est un pre-

994 1684 920 79 mier, s’étendent des appartemens encore plus

1004 1742 904 79 vastes, habités en été par une famille suisse, au-

998 1796 914 89 jourd’hui propriétaire de la villa Piccolomini.

1004 1858 910 86 Maintenant la maison serait entièrement vide sans

1002 1919 910 79 la présence de quatre ouvriers qui viennent pas-

998 1973 914 83 ser la nuit dans une cave, et celle de la Mariuc-

1004 2041 651 67 cia qui demeure dans les combles.

1040 2089 874 69 La Mariuccia, c’est à dire la Marion ou la Ma-

1023 2143 879 123 riotte (j’avoue que j’ai été, influencé par cette

1935 26 910 47 similitude de nom avec la vieille gouvernante de

1933 61 910 73 mon oncle le curé), la Mariuccia est la gardienne,

1939 117 902 81 la servante, la gouvernante, la cuisinière, le régis-

1941 183 906 75 seur, le factotum de cette grande habitation et

1937 242 910 68 des terres qui en dépendent. C’est un être assez

1937 310 906 56 singulier et assez remarquable : petite, maigre,

1939 360 908 64 plate, édentée, malpropré, hérissée, elle s’attribue

1939 410 910 79 una trentasettesina d’années. J'ai été fort effrayé

1937 470 912 83 quand elle m’a offert de faire mon ménage et ma

1937 531 915 70 cuisine; mais, en causant avec elle, j’ai reconnu

1939 587 913 66 qu’elle était excessivement intelligente, spirituelle

1939 647 915 62 même, et qu’elle me serait une ressource dans

1937 693 912 74 ces heures de spleen où l’on a besoin d’échanger

1943 765 908 71 quelques paroles, quelques idées avec une créa-

1939 830 682 60 ture humaine, si bizarre qu’ellé soit.

1975 877 879 65 Elle m’a proméné et piloté minutieusement dans

1939 930 913 66 son palais en commençant par les plus belles cham-

1939 983 912 84 bres et en finissant par les plus humbles, et débat-

1939 1048 912 81 tant les prix avec une apreté énergique. Comme

1939 1106 912 69 ces prix étaient, en somme, les plus raisonnables

1945 1173 906 64 que j’eusse encore rencontrés, je ne les discutais

1943 1223 908 74 que pour me divertir de sa physionomie et de sa

1937 1276 914 84 parole, étourdissantes de vivacité. Je m’attendais

1935 1339 914 77 à être rançonné comme partout et mis au pillage

1943 1405 902 69 comme une proie acquise aux exigences de dé-

1943 1464 906 58 tail d’une servante-maîtresse. J’y étais tout rési-

1943 1518 909 58 gné; mais, à peine eus-je-fait choix de mon gîte

1943 1561 909 85 que les choses changèrent subitement. La Mariuc-

1939 1622 913 79 cia, soit qu’elle m’eût pris en amitié, soit qu'elle

1945 1686 906 71 ait dans le caractère un fonds de bonté réelle,

1943 1744 911 67 commença à me dorlotter comme si elle m’eût

1945 1806 911 55 connu toute sa vie. Elle s’inquiéta de ma pâleur et

1943 1854 911 71 se mit en quatre pour réchauffer ma chambre, dé-

1946 1915 908 76 faire ma malle et préparer mon dîner. Elle ap-

1945 1967 911 87 porta chez moi le meilleur fauteuil et les meilleurs

1945 2031 911 77 matelas de la maison, fouilla l’appartement de ses

1943 2091 915 65 maîtres pour me trouver des livres, une lampe,

1964 2141 869 116 un tapis propre; bouleversa le grenier pour me

2874 36 921 37 Choisir un paravent, et courut au jardin pour me

2878 71 911 67 procurer quelques poignées de bois mort. Enfin,

2878 125 913 61 elle fixa le prix de ma consommation et celui de

2874 181 854 63 son service avec une discrétion remarquable.

2912 229 873 85 Cela m'a mis font à l’aise avec elle, non que je

2876 306 908 67 sois d’humeur à regimber contre le système d’ex-

2881 360 908 65 ploitation auquel tout voyageur doit se soumettre

2879 420 912 54 en Italie pour avoir la paix, mais parce qu’on se

2879 466 910 67 sent vraiment soulagé, dès que l’on peut voir

2878 522 913 69 dans un être de son espèce, quel qu’il soit, un

2881 582 633 82 égal sous le niveau de la probité.

2920 643 873 74 Me voilà donc dans un appartement situé au

2878 697 913 66 troisième; un troisième qui, en raison dé la hau-

2881 751 910 70 teur des étages inférieurs, serait un sixième à Pa-

2876 813 917 67 ris. De là, j’ai la plus admirable vue qui se puisse

2874 871 917 79 imaginer. Je devrais dire les deux plus admira-

2881 942 910 56 bles vues, car les deux pièces que j’occupe, fai-

2879 994 914 66 sant l’angle de la maison, j’ai, d’un côté, la chaîne

2878 1040 911 76 des montagnes depuis le Gennaro jusqu’au Sorac-

2879 1100 914 69 te, la campagne de Rome et Rome tout entièré vi-

2876 1160 915 79 sible à l’œil nu, malgré les treize milles de plaine

2883 1222 908 75 qui m’en séparent à vol d’oiseau. De mon autre

2881 1285 910 62 fenêtre, c’est plus beau encore: au-dela de la

2879 1331 910 72 plaine immense, je vois la mer, les rivages

2878 1391 913 73 d’Ostie, la forêt de Laurentum, l’embouchure du

2885 1453 904 77 Tibre, et, au-dessus de tout cela, montant com-

2879 1511 914 75 me des spectres dans le ciel, les pâles silhouet-

2883 1576 912 58 tes de la Sardaigne. C’est immense, comme vous

2887 1624 910 68 voyez, et un rayon de soleil m’a fait paraître tout

2881 1678 916 68 cela sublime. Je peux donc être ici languissant

2885 1736 910 79 de santé, paresseux ou enfermé par la pluie. J’ai

2887 1796 910 75 le vivre et le couvert assurés, une bonne femme

2885 1861 912 64 pour me montrer de temps en temps uné figure

2885 1915 912 68 comique et bienveillante, deux pièces très bas-

2885 1966 910 77 ses, mais, assez vastes, trop mal closes et trop

2883 2018 920 82 haut perchées d’ailleurs pour n’être pas suffisam-

2883 2081 914 81 ment aérées; quelques livres propres à me ren-

2906 2141 889 77 seigner sur le pays, et, n’eussé de que quelques

3814 32 912 56 rares éclaircies de ciel, un des plus beaux spec-

3820 75 667 75 tacles que j'aie jamais contemplés.

3857 136 873 70 En ce moment, tenez, c’est splendide. Les

3818 202 912 62 montagnes sont d’un ton d’opale si fin et si doux

3820 260 910 61 qu’on les croirait transparentes. Tout ce côté de

3818 312 908 69 l’est se baigne dans des reflets d’une exquise sua-

3822 372 904 63 vité. Le couchant, au contraire, est embrasé d’un

3818 425 906 66 rouge terrible. Le soleil, abaissé sur l’horizon,

3816 481 910 72 éclate d’autant plus ardent que des masses opa-

3824 535 904 70 ques de nuages violets s’amoncèlent autour de

3824 601 904 58 lui. Les méandres marécageux du Tibre se dessi-

3820 663 908 63 nent en lignes étincelantes sur des masses de forêts

3826 722 902 54 encore plus violettes que le ciel. La mer est une

3822 786 908 54 nappe de feu, et, comme pour rendre le tableau

3824 828 902 68 plus lumineux et plus bizarre, une riche fontaine,

3822 886 904 77 située sur la terrasse d’une villa voisine, semble

3820 952 906 54 faire jaillir, aux premiers plans, une pluie d’or

3822 994 902 83 fondu qui se détache sur un fond de sombre ver-

3824 1063 112 62 dure.

3855 1119 873 81 Mes deux chambres sont, à mon sens, les moins

3820 1185 906 64 laides de la maison, parce qu’elles n’ont aucune

3822 1235 902 67 espèce d’ornement. C’est poar cela que la Mariuc-

3820 1291 906 71 cia me les a cédées au moindre prix possible,

3820 1349 908 77 estimant que je devais être bien pauvre, puisque

3818 1412 910 72 je consentais à me passer de fresques et de bus-

3820 1470 904 72 tes. C'est peut-être aussi pour cela qu’elle m’ap-

3818 1522 908 75 porte les meubles les plus propres de l’établisse-

3824 1580 902 71 ment, compensation qui lui paraît probablement

3822 1636 467 91 moins sérieuse qu’à moi.

3861 1698 865 83 Vous voilà tranquille sur le compte de votre

3824 1759 904 81 serviteur et ami, qui, un peu fatigué de sa jour-

3824 1825 906 77 née, va se coucher avec le soleil, comme les

3824 1881 147 81 poules.

3888 2058 362 112 (La suite à demain.)

4310 1967 320 116 GEORGE SAND.
